<?xml version="1.0" encoding="UTF-8"?><collection><record><leader>06908ntm a2200577 a 4500</leader><controlfield tag="001">006768682</controlfield><controlfield tag="003">MiAaHDL</controlfield><controlfield tag="005">20190719000000.0</controlfield><controlfield tag="006">m        d        </controlfield><controlfield tag="007">cr bn ---auaua</controlfield><controlfield tag="008">090506q16801760xx            00| ||ara d</controlfield><datafield tag="035" ind1=" " ind2=" "><subfield code="a">(MiU)006768682</subfield></datafield><datafield tag="035" ind1=" " ind2=" "><subfield code="a">sdr-miu006768682</subfield></datafield><datafield tag="040" ind1=" " ind2=" "><subfield code="a">MiU</subfield><subfield code="c">MiU</subfield><subfield code="e">amremm</subfield></datafield><datafield tag="043" ind1=" " ind2=" "><subfield code="a">n-us-mi</subfield></datafield><datafield tag="100" ind1="1" ind2=" "><subfield code="6">880-01</subfield><subfield code="a">ʻIṣām al-Asfarāyīnī, Ibrāhīm ibn Muḥammad,</subfield><subfield code="d">1468 or 1469-1538 or 1539.</subfield></datafield><datafield tag="245" ind1="1" ind2="0"><subfield code="6">880-03</subfield><subfield code="a">[Ḥāshiyat ʻIṣām al-Dīn ʻalá al-Fawāʼid al-Ḍiyāʼīyah,</subfield><subfield code="f">late 17th or mid 18th century?].</subfield></datafield><datafield tag="246" ind1="3" ind2=" "><subfield code="i">Title from spine label:</subfield><subfield code="a">حاشيۀ عصام</subfield></datafield><datafield tag="246" ind1="3" ind2=" "><subfield code="i">Title from inscription on front flyleaf (p.1):</subfield><subfield code="a">عصام الدين حاشيۀ جامى على الكافيه في النحو</subfield></datafield><datafield tag="260" ind1=" " ind2=" "><subfield code="c">[1680-1760]</subfield></datafield><datafield tag="300" ind1=" " ind2=" "><subfield code="a">112 leaves :</subfield><subfield code="b">paper ;</subfield><subfield code="c">204 x 145 (147 x 69) mm. bound to 204 x 152 mm.</subfield></datafield><datafield tag="500" ind1=" " ind2=" "><subfield code="a">Shelfmark: Ann Arbor, University of Michigan, Special Collections Library, Isl. Ms. 131</subfield></datafield><datafield tag="500" ind1=" " ind2=" "><subfield code="a">Origin: Lacks dated colophon ; hand and paper suggests late 17th to mid 18th century.</subfield></datafield><datafield tag="500" ind1=" " ind2=" "><subfield code="a">Accompanying materials: Vast number of inserts tipped in (all paginated) carrying glosses and notes, including one decoratively trimmed (pp.49-50) and several tinted yellow (pp.253-254, etc.).</subfield></datafield><datafield tag="500" ind1=" " ind2=" "><subfield code="a">Former shelfmark: British Museum, London "No. 77. Ibn Arab Shah's supercommentary on Kafiyah."</subfield></datafield><datafield tag="500" ind1=" " ind2=" "><subfield code="a">Binding: Pasteboards originally faced in black leather now covered by laid paper with dark red leather over spine, fore-edge flap, and edges/turn-ins (now paper faced, leather edged, framed binding) ; Type II binding (with flap) ; board linings in laid paper ; upper and lower covers bear evidence of blind-stamped scalloped mandorla (now covered by paper) ; sewn in cream (or light pink?) thread, two stations ; overall in poor condition with significant abrasion, lifting and losses to paper and leather of covers, delamination of boards, staining, etc. ; flap in fairly good condition.</subfield></datafield><datafield tag="500" ind1=" " ind2=" "><subfield code="a">Support: European laid paper with 9-10 laid lines per cm. (vertical), chain lines spaced 26 mm. apart (horizontal), and watermark resembling initials or word (with "A A" or "A M"), quite difficult to make out (see pp.4, 6, 10, 122, 264, 290, 302, etc.), sturdy, cream in color, well-burnished ; inserts on different papers, one with watermark of lion rampant visible (see insert tipped in following p.46) ; some staining.</subfield></datafield><datafield tag="500" ind1=" " ind2=" "><subfield code="a">Decoration: Nearly monochrome (black ink) with very little use of red ; section headings set apart in larger, heavier script ; overlining in same black ink ; occasional abbreviation symbols rubricated ; rare overlining in red.</subfield></datafield><datafield tag="500" ind1=" " ind2=" "><subfield code="a">Script: Naskh ; bold Turkish hand ; virtually serifless ; many closed counters ; somewhat freely ligatured ; kāf mashkūlah (mashqūqah) preferred ; alif maqsūrá mainly mardūdah, final yāʼ occasionally muḥaqqaqah, but often mardūdah (in the word fī, etc.); lām alif ligature forms a closed loop ; slight effect of words descending to baseline becomes more pronounced toward middle of the codex ; hand changes slightly around p.196-197, similar in size and form but adopting a more rightward slant and more pronounced effect of words descending to basline, showing greater influence of nastaʻlīq ; section headings in larger heavier script.</subfield></datafield><datafield tag="500" ind1=" " ind2=" "><subfield code="a">Layout: Written in 19 lines per page ; frame-ruled.</subfield></datafield><datafield tag="500" ind1=" " ind2=" "><subfield code="a">Collation: i, V (10), I+1 (13), 9 V(103), IV+1 (112) ; chiefly quinions ; final leaf left blank ; slip pasted to obscure portion of text on p.26 ; lacks proper catchwords, but last word of final line on the verso of each leaf is usually repeated at the beginning of the first line on the following recto ; pagination in pencil, Western numerals, supplied during digitization (includes inserts and front flyleaf ; skips two pages between pp.5-6).</subfield></datafield><datafield tag="500" ind1=" " ind2=" "><subfield code="a">Explicit: "اي على عدد الفعل لا عدد نوعه وبهذا امتاز المثنى للنوع عن المثنى المفرد ... قوله"</subfield></datafield><datafield tag="500" ind1=" " ind2=" "><subfield code="a">Incipit: "يا هاديا لسالك [مسالك] محامدك ويا سامعا لجامع مسائل حامدك ... وبعد فيقول العبد المفتقر الى الله الغني عن العالمين ابراهيم بن محمد بن عرب شاه الاسفراني عصام الدين هذه حواش كالشمس لنجوم درر الزبر غواش ما فيه للفوائد الضيائية ..."</subfield></datafield><datafield tag="500" ind1=" " ind2=" "><subfield code="a">Title supplied by cataloguer.</subfield></datafield><datafield tag="500" ind1=" " ind2=" "><subfield code="a">Ms. codex.</subfield></datafield><datafield tag="510" ind1="4" ind2=" "><subfield code="a">Brockelmann, C. GAL,</subfield><subfield code="c">I 304 ; II, 410</subfield></datafield><datafield tag="520" ind1="8" ind2=" "><subfield code="a">Fine copy of ʻIṣām al-Dīn Ibrāhīm ibn Muḥammad ibn ʻArabshāh al-Isfarāyīnī's (or Isfarāʼīnī) gloss on Jāmī's al-Fawāʼid al-Ḍiyāʼīyah, itself a commentary on the Kāfiyah of Ibn al-Ḥājib, on Arabic syntax. Ends abruptly and appears incomplete.</subfield></datafield><datafield tag="538" ind1=" " ind2=" "><subfield code="a">Mode of access: Internet.</subfield></datafield><datafield tag="541" ind1=" " ind2=" "><subfield code="c">Purchase ;</subfield><subfield code="a">Acquired by purchase (funds donated by Horace Rackham).</subfield><subfield code="d">1924.</subfield></datafield><datafield tag="546" ind1=" " ind2=" "><subfield code="a">Arabic.</subfield></datafield><datafield tag="561" ind1=" " ind2=" "><subfield code="a">Bookplate of British Museum, London on interior of upper cover, "British Museum, London. No. 77. Ibn Arab Shah's supercommentary on Kafiyah." ; circular seal impression with figure of goat/gazelle in purple ink as well as inscription "383" in Western numerals on front flyleaf (p.1) ; on paper (blue-tinted) pasted on front flyleaf (p.1), a detailed waqf statement in the name of al-Sayyid ʻAbd Allāh Adīb (Abdullah Edip), known as Jannatʹzādah (Cennet-zade), qāḍī of Erzurum, accompanied by his seal, reads: "وقفت وقفا صحيحا شرعيا على ان لا يخرج من بيت الكتب الملتصق بداري الا لعلماء سكنوا بارضروم بكفيل مرعى اورهن قوي وانا الفقير اليه عز شانه السيد عبد الله اديب الشهير بجنت زاده القاضي بمدينة ارضروم في سنة اثنى وستين ومائتين والف" ; extensive marginal and interlinear glosses ; occasional corrections.</subfield></datafield><datafield tag="600" ind1="1" ind2="0"><subfield code="a">Ibn al-Ḥājib, ʻUthmān ibn ʻUmar,</subfield><subfield code="d">1175-1249.</subfield><subfield code="t">Kāfiyah.</subfield></datafield><datafield tag="600" ind1="0" ind2="0"><subfield code="a">Jāmī,</subfield><subfield code="d">1414-1492.</subfield><subfield code="t">Fawāʼid al-Ḍiyāʼīyah.</subfield></datafield><datafield tag="650" ind1=" " ind2="0"><subfield code="a">Manuscripts, Arabic</subfield><subfield code="z">Michigan</subfield><subfield code="z">Ann Arbor.</subfield></datafield><datafield tag="650" ind1=" " ind2="0"><subfield code="a">Arabic language</subfield><subfield code="x">Grammar</subfield><subfield code="v">Early works to 1800.</subfield></datafield><datafield tag="650" ind1=" " ind2="0"><subfield code="a">Arabic language</subfield><subfield code="x">Syntax</subfield><subfield code="v">Early works to 1800.</subfield></datafield><datafield tag="700" ind1="1" ind2="2"><subfield code="6">880-04</subfield><subfield code="a">Ibn al-Ḥājib, ʻUthmān ibn ʻUmar,</subfield><subfield code="d">1175-1249.</subfield><subfield code="t">Kāfiyah.</subfield></datafield><datafield tag="773" ind1="0" ind2=" "><subfield code="a">Tiflis Collection.</subfield></datafield><datafield tag="880" ind1="1" ind2="2"><subfield code="6">700-04/</subfield><subfield code="a">ابن الحاجب، عثمان بن عمر.</subfield><subfield code="t">كافية.</subfield></datafield><datafield tag="880" ind1="1" ind2="0"><subfield code="6">245-03/</subfield><subfield code="a">[حاشية عصام الدين على الفوائد الضيائية,</subfield><subfield code="f">اواخر القرن 17م او اواسط القرن 18م؟].</subfield></datafield><datafield tag="880" ind1="1" ind2=" "><subfield code="6">100-01/</subfield><subfield code="a">عصام الأسفرايني ، إبراهيم بن محمد.</subfield></datafield><datafield tag="CID" ind1=" " ind2=" "><subfield code="a">006768682</subfield></datafield><datafield tag="DAT" ind1="0" ind2=" "><subfield code="a">20190719102635.0</subfield><subfield code="b">20190719000000.0</subfield></datafield><datafield tag="DAT" ind1="1" ind2=" "><subfield code="a">20190719090653.0</subfield><subfield code="b">2019-07-19T16:11:19Z</subfield></datafield><datafield tag="DAT" ind1="2" ind2=" "><subfield code="a">2015-10-02T18:00:03Z</subfield></datafield><datafield tag="CAT" ind1=" " ind2=" "><subfield code="a">SDR-MIU</subfield><subfield code="d">EX LIBRIS - ALEPH</subfield><subfield code="l">prepare.pl-004-008</subfield></datafield><datafield tag="FMT" ind1=" " ind2=" "><subfield code="a">BK</subfield></datafield><datafield tag="HOL" ind1=" " ind2=" "><subfield code="0">sdr-miu006768682</subfield><subfield code="a">MiU</subfield><subfield code="b">SDR</subfield><subfield code="c">MIU</subfield><subfield code="p">mdp.39015079125202</subfield><subfield code="s">MIU</subfield><subfield code="1">006768682</subfield></datafield><datafield tag="974" ind1=" " ind2=" "><subfield code="b">MIU</subfield><subfield code="c">MIU</subfield><subfield code="d">20190719</subfield><subfield code="s">lit-dlps-dc</subfield><subfield code="u">mdp.39015079125202</subfield><subfield code="y">1760</subfield><subfield code="r">pd</subfield><subfield code="q">bib</subfield><subfield code="t">non-US bib date2 &lt; 1896</subfield></datafield></record></collection>